@article{hsieh2011development,
  author    = {Hsieh, Ming-Feng and Wang, Junmin},
  journal   = {Control Engineering Practice},
  number    = {4},
  pages     = {409--422},
  publisher = {Elsevier},
  title     = {Development and experimental studies of a control-oriented SCR model for a two-catalyst urea-SCR system},
  volume    = {19},
  year      = {2011}
}


@article{yuan2015diesel,
  author    = {Yuan, Xinmei and Liu, Hongqi and Gao, Ying},
  journal   = {Emission Control Science and Technology},
  pages     = {121--133},
  publisher = {Springer},
  title     = {Diesel engine SCR control: current development and future challenges},
  volume    = {1},
  year      = {2015}
}


@article{jain2023diagnostics,
  author  = {Jain, Kaushal Kamal and Meckl, Peter and Chen, Pingen and Yang, Kuo},
  journal = {International Journal of Prognostics and Health Management},
  number  = {3},
  title   = {Diagnostics-oriented Model for Automotive SCR-ASC},
  volume  = {14},
  year    = {2023}
}

@article{ma2017observer,
  author    = {Ma, Yao and Wang, Junmin},
  journal   = {Journal of Dynamic Systems, Measurement, and Control},
  number    = {2},
  pages     = {021002},
  publisher = {American Society of Mechanical Engineers},
  title     = {Observer-based estimation of aging condition for selective catalytic reduction systems in vehicle applications},
  volume    = {139},
  year      = {2017}
}


@inproceedings{jain2020term,
  author       = {Jain, Kaushal K and Hiremath, Jagdish R and Meckl, Peter H},
  booktitle    = {2020 American Control Conference (ACC)},
  organization = {IEEE},
  pages        = {4899--4904},
  title        = {Term-by-term observer design method to estimate NH 3 storage in SCR catalyst},
  year         = {2020}
}


@book{nova2014urea,
  author    = {Hsieh, Ming-Feng and Wang, Junmin},
  publisher = {Springer},
  title     = {Urea-SCR technology for deNOx after treatment of diesel exhaust, Chapter-14: Diesel Engine SCR Systems: Modelling, Measurements, and Control},
  volume    = {5},
  year      = {2014}
}


@techreport{devarakonda2008adequacy,
  author      = {Devarakonda, Maruthi and Parker, Gordon and Johnson, John H and Strots, Vadim and Santhanam, Shyam},
  institution = {SAE Technical Paper},
  title       = {Adequacy of reduced order models for model-based control in a urea-SCR aftertreatment system},
  year        = {2008}
}

@article{devarakonda2009model,
  author    = {Devarakonda, Maruthi and Parker, Gordon and Johnson, John H and Strots, Vadim and Santhanam, Shyam},
  journal   = {SAE International Journal of Fuels and Lubricants},
  number    = {1},
  pages     = {646--661},
  publisher = {JSTOR},
  title     = {Model-based estimation and control system development in a urea-SCR aftertreatment system},
  volume    = {1},
  year      = {2009}
}
